@article{Nepalipaper,
  title={Auto-colorization of historical images using deep convolutional neural networks},
  author={M.R. Joshi and L. Nkenyereye and G.P. Joshi and S.M.R. Islam and M.A.A. Wadud and S. Shrestha},
  pages={17},
  year={2020},
  publisher={MDPI}
}

@inproceedings{whisper,
  title={Robust speech recognition via large-scale weak supervision},
  author={Radford, Alec and Kim, Jong Wook and Xu, Tao and Brockman, Greg and McLeavey, Christine and Sutskever, Ilya},
  booktitle={International Conference on Machine Learning},
  pages={28492--28518},
  year={2023},
  organization={PMLR}
}
@article{amorese2023automatic,
  title={Automatic speech recognition (ASR) with Whisper: Testing Performances in Different Languages.},
  author={Amorese, Terry and Greco, Claudia and Cuciniello, Marialucia and Milo, Rosa and Sheveleva, Olga and Glackin, Neil},
  year={2023}
}

@article{baevski2021unsupervised,
  title={Unsupervised speech recognition},
  author={Baevski, Alexei and Hsu, Wei-Ning and Conneau, Alexis and Auli, Michael},
  journal={Advances in Neural Information Processing Systems},
  volume={34},
  pages={27826--27839},
  year={2021}
}
@article{vaswani2017attention,
  title={Attention is all you need},
  author={Vaswani, Ashish and Shazeer, Noam and Parmar, Niki and Uszkoreit, Jakob and Jones, Llion and Gomez, Aidan N and Kaiser, {\L}ukasz and Polosukhin, Illia},
  journal={Advances in neural information processing systems},
  volume={30},
  year={2017}
}
@article{chorowski2015attention,
  title={Attention-based models for speech recognition},
  author={Chorowski, Jan K and Bahdanau, Dzmitry and Serdyuk, Dmitriy and Cho, Kyunghyun and Bengio, Yoshua},
  journal={Advances in neural information processing systems},
  volume={28},
  year={2015}
}
@article{orken2022study,
  title={A study of transformer-based end-to-end speech recognition system for Kazakh language},
  author={Orken, Mamyrbayev and Dina, Oralbekova and Keylan, Alimhan and Tolganay, Turdalykyzy and Mohamed, Othman},
  journal={Scientific Reports},
  volume={12},
  number={1},
  pages={8337},
  year={2022},
  publisher={Nature Publishing Group UK London}
}
@INPROCEEDINGS{1198704,
  author={Xiaodong Cui and Yifan Gong},
  booktitle={2003 IEEE International Conference on Acoustics, Speech, and Signal Processing, 2003. Proceedings. (ICASSP '03).}, 
  title={Variable parameter Gaussian mixture hidden Markov modeling for speech recognition}, 
  year={2003},
  volume={1},
  number={},
  pages={I-I},
  keywords={Hidden Markov models;Speech recognition;Working environment noise;Gaussian distribution;Gaussian noise;Polynomials;Phase noise;Instruments;Speech enhancement;Noise level},
  doi={10.1109/ICASSP.2003.1198704}}