@article{adekola2019voice,
  title={Voice recognition door access control System},
  author={Adekola, OD and Akinsanya, A and Olufowobi, A and Babajide, O and Somefun, OM and Oduroye, A},
  journal={IOSR Journal of Computer Engineering (IOSR-JCE)},
  volume={21},
  number={2019},
  pages={01--12},
  year={2019}
}

@inproceedings{alshu2011voice,
  title={Voice recognition based wireless home automation system},
  author={Alshu'Eili, Humaid and Gupta, Gourab Sen and Mukhopadhyay, Subhas},
  booktitle={2011 4th international conference on mechatronics (ICOM)},
  pages={1--6},
  year={2011},
  organization={IEEE}
}

@inproceedings{das2016bluetooth,
  title={A bluetooth based sophisticated home automation system using smartphone},
  author={Das, Sukhen and Ganguly, Sanjoy and Ghosh, Souvik and Sarker, Rishiraj and Sengupta, Debaparna},
  booktitle={2016 International Conference on Intelligent Control Power and Instrumentation (ICICPI)},
  pages={236--240},
  year={2016},
  organization={IEEE}
}

@article{gondi2021performance,
  title={Performance evaluation of offline speech recognition on edge devices},
  author={Gondi, Santosh and Pratap, Vineel},
  journal={Electronics},
  volume={10},
  number={21},
  pages={2697},
  year={2021},
  publisher={MDPI}
}


@article{benzeghiba2007automatic,
  title={Automatic speech recognition and speech variability: A review},
  author={Benzeghiba, Mohamed and De Mori, Renato and Deroo, Olivier and Dupont, Stephane and Erbes, Teodora and Jouvet, Denis and Fissore, Luciano and Laface, Pietro and Mertins, Alfred and Ris, Christophe and others},
  journal={Speech communication},
  volume={49},
  number={10-11},
  pages={763--786},
  year={2007},
  publisher={Elsevier}
}


@article{li2022recent,
  title={Recent advances in end-to-end automatic speech recognition},
  author={Li, Jinyu and others},
  journal={APSIPA Transactions on Signal and Information Processing},
  volume={11},
  number={1},
  year={2022},
  publisher={Now Publishers, Inc.}
}
















@inproceedings{whisper,
  title={Robust speech recognition via large-scale weak supervision},
  author={Radford, Alec and Kim, Jong Wook and Xu, Tao and Brockman, Greg and McLeavey, Christine and Sutskever, Ilya},
  booktitle={International Conference on Machine Learning},
  pages={28492--28518},
  year={2023},
  organization={PMLR}
}
@article{amorese2023automatic,
  title={Automatic speech recognition (ASR) with Whisper: Testing Performances in Different Languages.},
  author={Amorese, Terry and Greco, Claudia and Cuciniello, Marialucia and Milo, Rosa and Sheveleva, Olga and Glackin, Neil},
  year={2023}
}

@article{baevski2021unsupervised,
  title={Unsupervised speech recognition},
  author={Baevski, Alexei and Hsu, Wei-Ning and Conneau, Alexis and Auli, Michael},
  journal={Advances in Neural Information Processing Systems},
  volume={34},
  pages={27826--27839},
  year={2021}
}

@article{vaswani2017attention,
  title={Attention is all you need},
  author={Vaswani, Ashish and Shazeer, Noam and Parmar, Niki and Uszkoreit, Jakob and Jones, Llion and Gomez, Aidan N and Kaiser, {\L}ukasz and Polosukhin, Illia},
  journal={Advances in neural information processing systems},
  volume={30},
  year={2017}
}
@article{chorowski2015attention,
  title={Attention-based models for speech recognition},
  author={Chorowski, Jan K and Bahdanau, Dzmitry and Serdyuk, Dmitriy and Cho, Kyunghyun and Bengio, Yoshua},
  journal={Advances in neural information processing systems},
  volume={28},
  year={2015}
}
@article{orken2022study,
  title={A study of transformer-based end-to-end speech recognition system for Kazakh language},
  author={Orken, Mamyrbayev and Dina, Oralbekova and Keylan, Alimhan and Tolganay, Turdalykyzy and Mohamed, Othman},
  journal={Scientific Reports},
  volume={12},
  number={1},
  pages={8337},
  year={2022},
  publisher={Nature Publishing Group UK London}
}

@INPROCEEDINGS{1198704,
  author={Xiaodong Cui and Yifan Gong},
  booktitle={2003 IEEE International Conference on Acoustics, Speech, and Signal Processing, 2003. Proceedings. (ICASSP '03).}, 
  title={Variable parameter Gaussian mixture hidden Markov modeling for speech recognition}, 
  year={2003},
  volume={1},
  number={},
  pages={I-I},
  keywords={Hidden Markov models;Speech recognition;Working environment noise;Gaussian distribution;Gaussian noise;Polynomials;Phase noise;Instruments;Speech enhancement;Noise level},
  doi={10.1109/ICASSP.2003.1198704}}

@misc{a2018_11,
  title = {11. Attention Mechanisms and Transformers â€” Dive into Deep Learning 1.0.3 documentation},
  url = {https://d2l.ai/chapter_attention-mechanisms-and-transformers/index.html},
  urldate = {2024-03-04},
  year = {2018},
  organization = {D2l.ai}
}

@misc{a2022_introducing,
  title = {Introducing Whisper},
  url = {https://openai.com/research/whisper},
  urldate = {2024-03-04},
  year = {2022},
  organization = {Openai.com}
}
