@article{Nepalipaper,
  title={Auto-colorization of historical images using deep convolutional neural networks},
  author={M.R. Joshi and L. Nkenyereye and G.P. Joshi and S.M.R. Islam and M.A.A. Wadud and S. Shrestha},
  pages={17},
  year={2020},
  publisher={MDPI}
}